% This file was created with JabRef 2.9.2.
% Encoding: Cp1252

@MISC{calligra,
  author = {Gerd neugebauer},
  title = {The calligra package for use with \LaTeX\},
  month = {April},
  year = {2012},
  owner = {kj},
  timestamp = {2014.08.30}
}

@BOOK{Abrahams2003,
  title = {\TeX\ for the Impatient},
  publisher = {GNU},
  year = {2003},
  author = {Paul W. Abrahams and Kathryn A. Hargreaves and Karl Berry}
}

@ARTICLE{xkeyval,
  author = {Hendri Adriaens and Uwe Kern},
  title = {xkeyval---new developments and mechanisms in key processing},
  journal = {TUGboat},
  year = {2004},
  volume = {25},
  pages = {194-199},
  number = {2},
  owner = {kj},
  timestamp = {2014.08.14}
}

@MISC{wrapfig,
  author = {Arsenau, Donald},
  title = {The {W}rapfig package.},
  month = {Jan 31},
  year = {2003},
  owner = {kj},
  timestamp = {2014.08.08}
}

@ARTICLE{bechto88,
  author = {Bechtolsheim, Stephan v},
  title = {A Tutorial on \textbackslash futurelet},
  journal = {TUGboat},
  year = {1988},
  volume = {9},
  pages = {276},
  owner = {kj},
  timestamp = {2014.08.12},
  url = {https://www.tug.org/TUGboat/tb09-3/tb22bechtolsheim.pdf}
}

@TECHREPORT{beetona,
  author = {Barbara Beeton and Asmus Freytag and Murray Sargent III},
  title = {Unicode Support for Mathematics},
  institution = {Unicode Organization},
  year = {2012},
  number = {Revsion 13},
  month = {Apr},
  note = {Unicode Technical Report 25},
  owner = {kj},
  timestamp = {2014.09.01}
}

@MISC{cmll,
  author = {Emmanuel Beffara},
  title = {Linear Logic symbols for Computer Modern},
  month = {April},
  year = {2010},
  owner = {kj},
  timestamp = {2014.08.30}
}

@MISC{babel,
  author = {Johannes L. Braams and Javier Bezos},
  title = {Babel version 3.9k},
  month = {Mar},
  year = {2014},
  owner = {kj},
  timestamp = {2014.08.26}
}

@BOOK{Bringhurst2005,
  title = {The Elements of Typography},
  publisher = {Hartley \& Marks},
  year = {2005},
  author = {Robert Bringhurst},
  edition = {3.1},
  isbn = {0-88179-205-5}
}

@MISC{slashed,
  author = {David Carlisle},
  title = {The slashed Package},
  month = {Jan},
  year = {1997},
  owner = {kj},
  timestamp = {2014.09.06}
}

@MISC{subfigure,
  author = {Cohran, Steven Douglas},
  title = {The subfig package},
  month = {Jul 5},
  year = {2005},
  owner = {kj},
  timestamp = {2014.08.08}
}

@ARTICLE{Eijkhout2001,
  author = {Eijkhout, Victor},
  title = {Macros with optional arguments},
  journal = {TUGb},
  year = {2001},
  volume = {22},
  pages = {83-86},
  number = {1/2},
  owner = {kj},
  timestamp = {2014.08.12},
  url = {https://www.tug.org/TUGboat/tb22-1-2/tb70eijk.pdf}
}

@ARTICLE{farrow96,
  author = {Farrow, John F.},
  title = {Alexander {C}ruden and his concordance.},
  journal = {Indexer},
  year = {1996},
  volume = {20},
  pages = {55-6},
  owner = {kj},
  timestamp = {2014.08.08}
}

@ARTICLE{booktabs,
  author = {Simon Fear},
  title = {Publication quality tables in latex },
  year = {2005},
  howpublished = {\url{http://ctan.um.ac.ir/macros/latex/contrib/booktabs/booktabs.pdf}},
  publisher = {CTAN}
}

@BOOK{bacchae,
  title = {Citizen Bacchae, Women's Ritual Practice in Ancient Greece},
  publisher = {University of California Press},
  year = {2004},
  author = {Barbara Goff},
  owner = {kj},
  timestamp = {2014.08.22}
}

@BOOK{xetexcompanion,
  title = {The XeTeX Companion},
  year = {2010},
  editor = {Michel Goosens},
  author = {Michel Goossens},
  month = {January},
  owner = {yl},
  timestamp = {2014.09.04},
  url = {http://xml.web.cern.ch/XML/lgc2/xetexmain.pdf}
}

@BOOK{goossens93,
  title = {The LaTeX Companion},
  publisher = {Addison-Wesley},
  year = {1993},
  author = {Michel Goossens and Frank Mittlebach and Alexander Samarin},
  address = {Reading, Massachusetts}
}

@MISC{ymath,
  author = {Yiannis Haralambous},
  title = {The ymath package},
  month = {July},
  year = {2013},
  owner = {kj},
  timestamp = {2014.08.30}
}

@MISC{numbrint,
  author = {Harald Harders},
  title = {The numprint package},
  month = {Feb},
  year = {2008},
  owner = {kj},
  timestamp = {2014.08.22}
}

@MISC{setspace,
  author = {Erica Harris and Robin Fairbairns and Geoffrey Tobin},
  title = {The setspace package 6.7a},
  howpublished = {http://ctan.org/pkg/setspace},
  year = {2011},
  owner = {yl},
  timestamp = {2014.09.07},
  url = {http://ctan.org/pkg/setspace}
}

@MISC{kvoptions,
  author = {He},
  title = {The kvoptions package},
  howpublished = {\url{http://ctan/pkg/kvoptions}},
  month = {12},
  year = {2010},
  owner = {kj},
  timestamp = {2014.08.15},
  url = {http://ctan/pkg/kvoptions}
}

@MISC{bbm,
  author = {Torsten Hilbrich},
  title = {A package for using the bbm fonts in math environment},
  month = {Feb},
  year = {2010},
  owner = {kj},
  timestamp = {2014.08.30}
}

@BOOK{holmes1884,
  title = {Illustrated catalogue made by the {B}ureau of {E}thnology during
	the field season of 1881.},
  publisher = {Smithsonian Institution---Bureau of Ethnology},
  year = {1884},
  author = {William H. Holmes},
  owner = {kj},
  timestamp = {2014.08.10}
}

@MISC{accents,
  author = {Javier},
  title = {The accents package},
  month = {May},
  year = {2006},
  owner = {kj},
  timestamp = {2014.08.30}
}

@MISC{fontinst,
  author = {Alan Jeffrey and Rowland McDonnell and Lanrs Hellstr\"om},
  title = {fontinst, Font Installation software for TeX},
  month = {August},
  year = {2009},
  owner = {kj},
  timestamp = {2014.08.23}
}

@ARTICLE{Mercury,
  author = {L. E. Turner Jr},
  title = {Diurnal motion of the Sun as seen from Mercury},
  journal = {Am. J. Phys.},
  year = {1978},
  volume = {46},
  pages = {475--479},
  doi = {http://dx.doi.org/10.1119/1.11238},
  owner = {Georgio},
  timestamp = {2014.12.20},
  url = {http://dx.doi.org/10.1119/1.11238}
}

@MISC{fontname,
  author = {Karl, Berry},
  title = {Fontname},
  howpublished = {\url{https://www.tug.org/fontname/fontname.pdf}},
  month = {July},
  year = {2009},
  owner = {kj},
  timestamp = {2014.08.15},
  url = {https://www.tug.org/fontname/fontname.pdf}
}

@MISC{dsfont,
  author = {Olaf Kummer},
  title = {Tpa Doublestroke Font},
  month = {February},
  year = {2003},
  owner = {kj},
  timestamp = {2014.08.30}
}

@BOOK{Lamport1994,
  title = {LaTeX: A Document Preparation System},
  publisher = {Addison-Wesley, Reading, Massachusetts},
  year = {1994},
  author = {Leslie Lamport},
  edition = {Second},
  isbn = {0-201-52983-1}
}

@PHDTHESIS{liang83,
  author = {Liang, Franklin Mark},
  title = {Word {H}yphenation by {C}omputer},
  school = {Stanford University, Department of Computer Science},
  year = {1983},
  owner = {kj},
  timestamp = {2014.08.09},
  url = {http://tug.org/docs/liang/liang-thesis.pdf}
}

@MISC{marvosym,
  author = {Miklavec, Mojca},
  title = {The {M}arvosym {F}ont {P}ackage},
  howpublished = {http://ctan.org/pkg/marvosym},
  month = {August 15},
  year = {2011},
  owner = {kj},
  timestamp = {2014.08.10}
}

@BOOK{Knuth1990,
  title = {The \LaTeX\ Companion},
  publisher = {Addison--Wesley},
  year = {2004},
  author = {Frank Mittelbach and Michel Goossens},
  edition = {Second},
  isbn = {0-201-36299-6}
}

@BOOK{Mittelbach2004,
  title = {The \LaTeX\ Companion},
  publisher = {Addison--Wesley},
  year = {2004},
  author = {Frank Mittelbach and Michel Goossens},
  edition = {Second},
  isbn = {0-201-36299-6}
}

@MISC{euscript,
  author = {Frank Mittelbach and rainer Sch\"opf},
  title = {The eucal and euscript ppackage (Revised by David M. Jones)},
  month = {June},
  year = {2009},
  owner = {kj},
  timestamp = {2014.08.30}
}

@BOOK{MLA,
  title = {MLA Handbook for Writers of Research Papers},
  publisher = {Modern Language Association of America (MLA)},
  year = {2009},
  author = {MLA},
  edition = {7},
  owner = {kj},
  timestamp = {2014.08.22}
}

@BOOK{moxon,
  title = {Mechanick Exercises: Or the Doctrine of handy-works applied to the
	art of printing, The Second Volume},
  year = {1683},
  author = {Joseph Moxon},
  owner = {kj},
  timestamp = {2014.08.21}
}

@MISC{centernot,
  author = {Heiko Oberdiek},
  title = {The centernot package},
  month = {Mar},
  year = {2010},
  owner = {kj},
  timestamp = {2014.09.06}
}

@MISC{acronym,
  author = {Tobias Oetiker},
  title = {An Acronym Environment for \LaTeXe},
  month = {Oct},
  year = {2012},
  owner = {yl},
  timestamp = {2014.08.22}
}

@BOOK{memoir,
  title = {The Memoir class for configurable typesetting},
  publisher = {CTAN},
  year = {2001},
  author = {Wilson P},
  howpublished = {\url{http://macros/latex/contrib/memoir}}
}

@ARTICLE{pakin2004,
  author = {Scott Pakin},
  title = {How to Package Your \LaTeX\ Package},
  year = {2004},
  howpublished = {\url{http://ctan.um.ac.ir/info/dtxtut/dtxtut.pdf}},
  publisher = {CTAN}
}

@BOOK{baden1908,
  title = {Scouting for Boys},
  publisher = {Pearson},
  year = {1908},
  author = {Baden Powell},
  place = {London}
}

@MISC{xfrac,
  author = {The LaTeX3 Project},
  title = {The xfrac package, Split-level fractions},
  month = {Feb},
  year = {2012},
  owner = {kj},
  timestamp = {2014.08.22}
}

@BOOK{octavo,
  title = {The Octavo Package},
  publisher = {CTAN},
  year = {2007},
  author = {Stefan A. Revets},
  howpublished = {http://macros/latex/contrib/octavo}
}

@MISC{xetexreference,
  author = {Will Roberstson and Khaled Hosny},
  title = {The XeTeX reference guide},
  month = {May},
  year = {2013},
  owner = {kj},
  timestamp = {2014.09.05}
}

@MISC{fontspec,
  author = {Will Roberstson and Khaled Hosny},
  title = {The fontspec package},
  month = {Sep},
  year = {2011},
  owner = {yl},
  timestamp = {2014.09.05}
}

@MISC{Roberstson2011,
  author = {Will Roberstson and Khaled Hosny},
  title = {The fontspec package v2.2a},
  howpublished = {\url{file:///C:/Program%20Files/MiKTeX%202.9/doc/latex/fontspec/fontspec.pdf}},
  month = {Sep},
  year = {2011},
  owner = {yl},
  timestamp = {2014.08.19},
  url = {file:///C:/Program%20Files/MiKTeX%202.9/doc/latex/fontspec/fontspec.pdf}
}

@MISC{prelim2e,
  author = {Schr\"oder, Martin},
  title = {The prelim2e package},
  month = {May 30},
  year = {2003},
  owner = {kj},
  timestamp = {2014.08.08}
}

@MISC{everyshi,
  author = {Martin Schr\"oder},
  title = {The everyshi package},
  month = {May 15},
  year = {2001},
  owner = {kj},
  timestamp = {2014.08.08}
}

@BOOK{schreiber1971,
  title = {The Cypro-Phoenician pottery of the Iron Age},
  publisher = {Culture and history of the ancient Near East},
  year = {1971},
  author = {Schreiber, Nicola},
  volume = {v.13},
  owner = {kj},
  timestamp = {2014.08.16}
}

@BOOK{seraphini,
  title = {Codex {S}eraphinianus},
  publisher = {Abbeville Press, New York},
  year = {1981},
  author = {Serafini, Luigi},
  owner = {kj},
  timestamp = {2014.08.10},
  url = {http://en.wikipedia.org/wiki/Codex_Seraphinianus}
}

@ARTICLE{syropoulos,
  author = {Apostolos Syropoulos},
  title = {Replicating Archaic Documents: A Typographic Challenge},
  journal = {TUGboat},
  year = {2003},
  volume = {24},
  pages = {319-322},
  owner = {yl},
  timestamp = {2014.10.17},
  url = {http://www.tug.org/TUGboat/tb24-3/syropoulos.pdf}
}

@MISC{pkg-pgf,
  author = {Till Tantau},
  title = {Tikz and {PGF}, {M}anual for for {V}ersion 2.1},
  year = {2007},
  owner = {kj},
  timestamp = {2014.08.08}
}

@MISC{translator,
  author = {Till Tantau},
  title = {The Translator Package},
  year = {2007},
  owner = {kj},
  timestamp = {2014.08.25}
}

@BOOK{Tobin2000,
  title = {\texttt{setspace.sty}},
  publisher = {La Trobe University},
  year = {2000},
  author = {Geoffrey Tobin}
}

@BOOK{town,
  title = {Bookbinding by hand},
  publisher = {Faber \& Faber},
  year = {1951},
  author = {Town, L},
  address = {London},
  edition = {1st Edition}
}

@BOOK{Tufte2006,
  title = {Beautiful Evidence},
  publisher = {Graphics Press, {LLC}},
  year = {2006},
  author = {Edward R. Tufte},
  edition = {First},
  month = {May},
  isbn = {0-9613921-7-7},
  place = {Cheshire, Connecticut}
}

@BOOK{Tufte2001,
  title = {The Visual Display of Quantitative Information},
  publisher = {Graphics Press},
  year = {2001},
  author = {Edward R. Tufte},
  address = {Cheshire, Connecticut},
  isbn = {0-9613921-4-2}
}

@BOOK{Tufte1997,
  title = {Visual Explanations},
  publisher = {Graphics Press},
  year = {1997},
  author = {Edward R. Tufte},
  address = {Cheshire, Connecticut},
  isbn = {0-9613921-2-6}
}

@BOOK{Tufte1990,
  title = {Envisioning Information},
  publisher = {Graphics Press},
  year = {1990},
  author = {Edward R. Tufte},
  address = {Cheshire, Connecticut},
  isbn = {0-9613921-1-8}
}

@MISC{geometry,
  author = {Hideo Umeki},
  title = {The geometry package},
  month = {Sep},
  year = {2010},
  keywords = {packages, geometry},
  owner = {yl},
  timestamp = {2014.08.22}
}

@MISC{pkg-geometry,
  author = {Hideo Umeki},
  title = {The \texttt{geometry} package},
  howpublished = {\url{http://ctan.org/pkg/geometry}},
  month = dec,
  year = {2008}
}

@BOOK{Michigan1880,
  title = {Growing Up in Michigan},
  publisher = {State of Michigan},
  year = {1880-1885},
  author = {unknown},
  place = {Michigan}
}

@ARTICLE{verna,
  author = {Verna, Didier},
  title = {Towards \LaTeX\ coding standards},
  journal = {TUGboat},
  year = {2011},
  volume = {32},
  pages = {309},
  number = {3},
  owner = {kj},
  timestamp = {2014.08.10}
}

@MISC{fonttable,
  author = {Peter Wilson},
  title = {The fonttable package},
  year = {2011},
  owner = {kj},
  timestamp = {2014.08.22}
}

@BOOK{Wilson2009,
  title = {The Memoir Class for Configurable Typesetting, User Guide},
  publisher = {The Herries Press},
  year = {2010},
  author = {Peter Wilson},
  edition = {Eighth},
  place = {Printed in the World}
}

@MISC{Wilson2010,
  author = {Peter Wilson},
  title = {The Memoir Class},
  year = {2010},
  owner = {yl},
  timestamp = {2014.09.08}
}

@MISC{siunitx,
  author = {Joseph Wright},
  title = {siunitx A comprehensive (SI) units package},
  month = {Jan},
  year = {2012},
  owner = {yl},
  timestamp = {2014.08.22}
}

@ARTICLE{joseph2009,
  author = {Joseph Wright and Christian Feuers\"anger},
  title = {Implementing key--value input: An introduction},
  journal = {TUGboat},
  year = {2009},
  volume = {30},
  pages = {110-120},
  number = {1},
  owner = {kj},
  timestamp = {2014.08.14}
}

@PERIODICAL{syropoulos,
  title = {Replicating Archaic DDocument: A typographic Challenge},
  year = {2003},
  owner = {kj},
  timestamp = {2014.10.17}
}

